@inproceedings{awangga2017colenak,
  title={Colenak: GPS tracking model for post-stroke rehabilitation program using AES-CBC URL encryption and QR-Code},
  author={Awangga, Rolly Maulana and Fathonah, Nuraini Siti and Hasanudin, Trisna Irmayadi},
  booktitle={Information Technology, Information Systems and Electrical Engineering (ICITISEE), 2017 2nd International conferences on},
  pages={255--260},
  year={2017},
  organization={IEEE}
}

@misc{fomukong2003authorized,
  title={Authorized location reporting paging system},
  author={Fomukong, Mundi and Chesney, Denzil Willoughby},
  year={2003},
  month=may # "~6",
  publisher={Google Patents},
  note={US Patent 6,560,461}
}

@article{zhengqiang2010realization,
  title={Realization of serial port communication by MSComm control in the VC enviroment [J]},
  author={Zhengqiang, Wang},
  journal={Electronic Test},
  volume={5},
  number={5},
  pages={73--76},
  year={2010}
}